@article{ref1,
  author={Doe, John and Smith, Jane},
  title={Title of the article},
  journal={Journal name},
  volume={4},
  number={2},
  pages={5-15},
  year={2022},
  publisher={Publisher}
}

@book{ref2,
  author={Doe, John},
  title={Title of the book},
  publisher={Publisher},
  year={2022}
}